<?xml version="1.0" encoding="UTF-8"?><collection xmlns="http://www.loc.gov/MARC21/slim"><record><leader>00531nam--2200181-u-4500</leader><controlfield tag="001">000055258</controlfield><controlfield tag="002">20161230</controlfield><controlfield tag="005">20161230201052</controlfield><controlfield tag="008">121203s1000------------r-----000-0-ger-d</controlfield><datafield ind1=" " ind2=" " tag="040"><subfield code="a">IFIN-HH</subfield></datafield><datafield ind1=" " ind2=" " tag="041"><subfield code="a">ger</subfield></datafield><datafield ind1=" " ind2=" " tag="080"><subfield code="a">538.971(043)</subfield></datafield><datafield ind1="1" ind2=" " tag="100"><subfield code="a">Chen, Xiaohua</subfield></datafield><datafield ind1="1" ind2="0" tag="245"><subfield code="a">Adsorption von no, no2 und nh3 sowie bandstrukturbestimmung auf einem zylindrischen germanium-einkristall</subfield><subfield code="b">Dissertation</subfield><subfield code="c">Xiaohua chen</subfield></datafield><datafield ind1=" " ind2=" " tag="260"><subfield code="a">Berlin</subfield><subfield code="b">Universitat</subfield><subfield code="c">1992</subfield></datafield><datafield ind1=" " ind2=" " tag="300"><subfield code="a">97P</subfield></datafield><datafield ind1=" " ind2=" " tag="852"><subfield code="a">79993</subfield><subfield code="c">539.2</subfield></datafield><datafield ind1=" " ind2=" " tag="CAT"><subfield code="a">Sys</subfield><subfield code="c">20121203</subfield><subfield code="h">170519</subfield></datafield></record></collection>